
@ARTICLE{WoodyScott,
   author = {{Woody}, S. and {Scott}, J.~G.},
    title = "{Optimal post-selection inference for sparse signals: a
                  nonparametric empirical-Bayes approach}",
  journal = {ArXiv e-prints},
archivePrefix = "arXiv",
   eprint = {1810.11042},
 primaryClass = "stat.ME",
 keywords = {Statistics - Methodology},
     year = 2018,
    month = oct,
   adsurl = {http://adsabs.harvard.edu/abs/2018arXiv181011042W},
  adsnote = {Provided by the SAO/NASA Astrophysics Data System}
}

