
@book{asimov1951,
title={Foundation},
author={Asimov, I.},
year=1951,
publisher={Gnome Press},
address={New York}}

@article{cochran1965,
  title={The planning of observational studies of human populations},
  author={Cochran, W.G.},
  journal={Journal of the Royal Statistical Society. Series A (General)},
  volume={128},
  number={2},
  pages={234--266},
  year={1965}
}
